% Reference 1
@misc{ref-metrics-methods-web,
    title = {How to Measure the Academic Success of a Scientist},
    url = {https://peerrecognized.com/measuring-academic-success-of-a-scientist/},
    author = {Zaumanis, Martins},
    year = {2023},
    note = {\url{https://peerrecognized.com/measuring-academic-success-of-a-scientist/}, Accessed February 17, 2023},
}

% Reference 2
@article{ref-metrics-using-metrics,
    author={Christopher R Carpenter and David C Cone and Cathy C Sarli},
    year={2014},
    volume={21},
    number={10},
    pages={1160-72},
    title={Using Publication Metrics to Highlight Academic Productivity and Research},
    journal={Academic Emergency Medicine}
}

% Reference 3
@article{ref-metrics-eval-biostat,
    author = {Doris McGartland Rubio and Deborah J. del Junco and Rafia Bhore and others},
    year = {2010},
    volume={30},
    number={23},
    pages={2767-77},
    title = {Evaluation Metrics for Biostatistical and Epidemiological Collaborations},
    journal = {Statistics in Medicine},
}

% Reference 4
@article{ref-metrics-stack-overflow,
    author = {Shaowei Wang and Daniel M. German and Tse-Hsun Chen and others},
    year = {2021},
    pages={614-618},
    title = {Is Reputation on Stack Overflow Always a Good Indicator for Users’ Expertise? No!},
    journal = {IEEE International Conference on Software Maintenance and Evolution}
}

% Reference 5
@article{ref-metrics-neoliberalism,
    author = {Zeena Feldman and Marisol Sandoval},
    year = {2018},
    volume={16},
    number={1},
    pages={214-233},
    title = {Metric Power and the Academic Self: Neoliberalism, Knowledge, and Resistance in the British University},
    journal = {tripleC}
}

% Reference 6
@article{ref-metrics-games-academics-play,
    author = {Colin A. Chapman and Júlio César Bicca-Marques and Sébastien Calvignac-Spencer and others},
    year = {2019},
    volume={286},
    number={1916},
    title = {Games Academics Play and Their Consequences: How Authorship, H-Index, and Journal Impact Factors are Shaping the Future of Academia},
    journal = {Proceedings of the Royal Society B: Biological Sciences}
}

% Reference 7
@article{ref-pubmed-native,
    author = {White, Jacob},
    year = {2020},
    title = {PubMed 2.0},
    journal = {Medical Reference Services Quarterly},
    volume = {39},
    number = {4}, 
    pages = {382-387}
}

% Reference 8
@article{ref-pubmed-updated,
    author = {Pauline Kang and Michael Kalloniatis and Gordon S. Doig},
    title = {Using Updated PubMed: New Features and Functions to Enhance Literature Searches},
    journal = {Journal of the American Medical Association},
    year = {2021},
    volume = {326},
    number = {6}, 
    pages = {479-480}
}

% Reference 9
@article{ref-pubmed-tools,
    author = {Zhiyong Lu},
    title = {PubMed and Beyond: A Survey of Web Tools for Searching Biomedical Literature},
    journal = {Database},
    volume = {2011},
    year = {2011}
}

% Reference 10
@article{ref-pubmed-misearch,
    author = {David J States and Alex S Ade and Zachary C Wright and others},
    title = {MiSearch Adaptive PubMed Search Tool},
    journal = {Bioinformatics},
    volume = {25},
    number = {7},
    month = {April},
    year = {2009},
    pages={974-976}
}

% Reference 11
@article{ref-pubmed-anne-otate,
    author = {Neil R Smalheiser and Wei Zhou and Vetle I Torvik},
    title = {Anne O'Tate: A tool to Support User-Driven Summarization, Drill-Down and Browsing of PubMed Search Results},
    journal = {Journal of Biomedical Discovery and Collaboration},
    volume = {3},
    number = {2},
    year = {2008}
}

% Reference 12
@article{ref-pubmed-pubterm,
    author = {José Garcia-Pelaez and David Rodriguez and Roberto Medina-Molina and others},
    title = {PubTerm: A Web Tool for Organizing, Annotating, and Curating Genes, Diseases, Molecules, and Other Concepts from PubMed Records},
    journal = {Database},
    volume = {2019},
    year = {2019}
}

% Reference 13 
@article{ref-pubmed-pubtator,
    author = {Chih-Hsuan Wei and Hung-Yu Kao and Zhiyong Lu},
    title = {PubTator: A Web-Based Text Mining Tool for Assisting Biocuration},
    journal = {Nucleic Acids Research},
    volume = {41},
    number = {W1},
    year = {2013},
    pages = {W518-–W522}
}

% Reference 14
@article{ref-pubmed-pescador,
    author = {Adriano Barbosa-Silva and Jean-Fred Fontaine and Elisa R Donnard and others},
    title = {PESCADOR, a Web-Based Tool to Assist Text-Mining of Biointeractions Extracted from PubMed Queries},
    journal = {BMC Bioinformatics},
    volume = {12},
    number = {435},
    year = {2011} 
}

% Reference 15
@article{ref-pubmed-pmsc,
    author = {César Albusac and Luis M. de Campos and Juan M. Fernández-Luna and Juan F. Huete },
    year = {2018},
    volume={11160},
    pages={34-43},
    title = {PMSC-UGR: A Test Collection for Expert Recommendation Based on PubMed and Scopus},
    journal = {Advances in Artificial Intelligence}
}

% Reference 16
@article{ref-pubmed-bibiometric,
    author = {Andreas Pflugrad and Karin Jurkat-Rott and Frank Lehmann-Horn and Jochen Bernauer},
    title = {Towards the Automated Generation of Expert Profiles for Rare Diseases Through Bibliometric Analysis},
    journal = {Studies in Health Technology and Informatics},
    year = {2014},
    volume={198},
    pages={47-54}
}

% Reference 17
@article{ref-pubmed-knowledge-graph,
    author = {Jian Xu and Sunkyu Kim and Min Song and others},
    title = {Building a PubMed Knowledge Graph},
    journal = {Scientific Data},
    volume = {7},
    number = {205},
    year = {2020}
}

% Reference 18
@article{ref-pubmed-mapaffil,
    author = {Vetle I Torvik},
    title = {MapAffil: A Bibliographic Tool for Mapping Author Affiliation Strings to Cities and Their Geocodes Worldwide},
    journal = {D-Lib Magazine},
    year = {2015},
    volume = {21},
    pages = {11-12}
}

% Reference 19
@misc{ref-google-content-filtering,
    author = {Google},
    title = {Google Developers Content-based Filtering},
    journal = {Machine Learning Documentation},
    urldate = {Feb 17 2023},
    url = {https://developers.google.com/machine-learning/recommendation/content-based/basics},
    publisher = {Google},
    note = {\url{https://developers.google.com/machine-learning/recommendation/content-based/basics}, Accessed February 17, 2023},
}

% Reference 20
@misc{ref-google-collaborative-filtering,
    author = {Google},
    title = {Google Developers Collaborative Filtering},
    journal = {Machine Learning Documentation},
    urldate = {Feb 17 2023},
    url = {https://developers.google.com/machine-learning/recommendation/collaborative/basics},
    publisher = {Google},
    note = {\url{https://developers.google.com/machine-learning/recommendation/collaborative/basics}, Accessed February 17, 2023},
}

% Reference 21
@article{ref-semantic-social-network,
    author = {Elnaz Davoodi and Keivan Kianmehr and Mohsen Afsharchi},
    title = {A Semantic Social Network-Based Expert Recommender System},
    journal = {Applied Intelligence},
    volume = {39},
    number = {1},
    year = {2013},
    pages = {1-13},
    publisher = {Springer},
    urldate = {February 2023}
}

% Reference 22
@article{ref-expert-social-network,
    author = {Jing Zhang and Jie Tang and Juanzi Li },
    title = {Expert Finding in a Social Network},
    journal = {Advances in Databases: Concepts, Systems, and Applications},
    publisher = {Springer},
    volume = {4443},
    year = {2007},
    urldate = {Feb 17 2023},
    url = {https://link-springer-com.ezp-prod1.hul.harvard.edu/chapter/10.1007/978-3-540-71703-4_106}
}

% Reference 23
@article{ref-pubmed-third-party,
    author = {Lorna Elizabeth Wildgaard and Haakon Lund},
    year = {2016},
    title = {Advancing PubMed? A Comparison of Third-Party PubMed/Medline Tools},
    journal = {Library Hi Tech},
    volume = {34},
    number = {4},
    pages = {669-684}
}

% Reference 24
@article{ref-approach-to-identifying-smes,
    author = {Don C. Zhang and Yi Wang},
    title = {An Empirical Approach to Identifying Subject Matter Experts for the Development of Situational Judgement Tests},
    year = {2021},
    volume = {20},
    number = {4}, 
    pages = {151-163},
    journal = {Journal of Personnel Psychology}
}

% Reference 25
@misc{ref-metrics-cws-guide,
    author = {David J. Weiss and James Shanteau},
    year = {2005},
    title = {CWS: A User’s Guide},
    urldate = {Feb 17 2023},
    url = {https://d1wqtxts1xzle7.cloudfront.net/30710491/using_cws-libre.pdf?1392073785=&response-content-disposition=inline\%3B+filename\%3DCWS_A_user_s_guide.pdf&Expires=1683140644&Signature=gl2nb1O~jCE10xz7QDu85bWuaJRc~12-paFdx31EknQAGdgEtBReC5L1aRxXIH05UOBk4xw8xIhJ-p~1rvC01K6T9oUw3Dz0dqCffliqxq9pBr9CbuHWiIZQesiyoMUKviZP5uT3f6ayUAwe~7SZPxbrkMTHrEwMsxsIZQm5OOhdCtCTrv8AmUh1pr5hP01GJLRa3ky4-ud9X-v0utJ9prnRxvUI~l-pnhzHMtKtUrYals9Pc~HOen6rzrIDoYGJ3vNobRt4vTfN-2CH3CYJ5gu-yJdaTKusBqOblr03jEZVre6E4TwZzWK762eeROBjNDL1ijXEbr6n5lCpdTam5w__&Key-Pair-Id=APKAJLOHF5GGSLRBV4ZA}
}

% Reference 26
@article{ref-metrics-psycho-scale,
    author = {Marie-Line Germain and Manuel J. Tejeda},
    year = {2012},
    volume = {23},
    title = {A Preliminary Exploration on the Measurement of Expertise: An Initial Development of a Psychometric Scale},
    journal = {Human Resource Development Quarterly}
}

% Reference 27
@article{ref-metrics-manipulation,
    author = {Jo Ann Oravec},
    year = {2017},
    volume = {22},
    number = {4},
    pages = {423-436},
    title = {The Manipulation of Scholarly Rating and Measurement Systems: Constructing Excellence in an Era of Academic Stardom},
    journal = {Teaching Higher Education}
}

% Reference 28
@article{ref-metrics-perverse-incentives,
    author = {Marc A. Edwards and Siddhartha Roy},
    year = {2017},
    volume = {34},
    number = {1},
    pages = {51-61},
    title = {Academic Research in the 21st Century: Maintaining Scientific Integrity in a Climate of Perverse Incentives},
    journal = {Environmental Engineering Science}
}

% Reference 29
@article{ref-metrics-resviz,
    author = {Chris Elsden and Sebastian Mellor and Patrick Olivier, and others},
    year = {2016},
    pages = {5015–27},
    series = {CHI '16},
    title = {ResViz: Politics and Design Issues in Visualizing Academic Metrics},
    journal = {Visualization Methods and Evaluation}
}

% Reference 30
@article{ref-approach-author-name-disambiguation,
    author = {Wanli Liu and Rezarta Islamaj Doğan and Sun Kim and others},
    title= {Author Name Disambiguation for PubMed},
    journal = {Journal of the Association for Information Science and Technology},
    year = {2014},
    volume = {65},
    number = {4},
    pages = {765-781},
    doi = {10.1002/asi.23063},
    pmid = {28758138},
    pmcid = {PMC5530597}
}

% Reference 31
@article{ref-openalex,
    author = {Jason Priem and Heather Piwowar and Richard Orr},
    title = {OpenAlex: A Fully-Open Index of Scholarly Works, Authors, Venues, Institutions, and Concepts},
    journal = {arXiv},
    url = {https://doi.org/10.48550/arXiv.2205.01833},
    year = {2022}
}

% Reference 32 
@article{ref-approach-gilda,
    author = {Benjamin M Gyori and Charles Tapley Hoyt and Albert Steppi},
    title = {Gilda: Biomedical Entity Text Normalization with Machine-Learned Disambiguation as a Service},
    journal = {Bioinformatics Advances},
    volume = {2},
    issue = {1},
    year = {2022}
}

% Reference 33
@misc{ref-google-serpapi,
    author = {SerpApi},
    title = {Google Scholar Author API Documentation},
    urldate = {Feb 28 2023},
    url = {https://serpapi.com/google-scholar-author-api},
    publisher = {Google},
    note = {\url{https://serpapi.com/google-scholar-author-api}, Accessed February 28, 2023},
}

% Reference 34
@article{ref-google-scholarly,
    author = {Steven A. Cholewiak and Panos Ipeirotis and Victor Silvaa and Arun Kannawadi},
    year = {2021},
    title = {Scholarly Documentation},
    urldate = {Feb 28 2023},
    url = {https://scholarly.readthedocs.io/en/stable/},
    note = {\url{https://scholarly.readthedocs.io/en/stable/}, Accessed February 28, 2023},
}

% Reference 35
@article{ref-elasticsearch,
    author = {Nikita Kathare and O. Vinati Reddy and Vishalakshi Prabhu},
    year = {2021},
    volume = {10},
    number = {6},
    pages = {716-720},
    title = {A Comprehensive Study of Elasticsearch},
    urldate = {May 1 2023},
    url = {https://www.ijsr.net/archive/v10i6/SR21529233126.pdf},
    note = {\url{https://www.ijsr.net/archive/v10i6/SR21529233126.pdf}, Accessed May 1, 2023},
}